@article{PSO_ZhangLibiao2004,
  title={基于粒子群算法求解多目标优化问题},
  author={张利彪 and 周春光 and 马铭 and 刘小华},
  journal={计算机研究与发展},
  volume={41},
  number={7},
  pages={6},
  year={2004},
}
@article{Improve_JinYixiong2005,
  title={改进粒子群算法及其在输电网规划中的应用},
  author={金义雄 and 程浩忠 and 严健勇 and 张丽},
  journal={中国电机工程学报},
  volume={25},
  number={4},
  pages={6},
  year={2005},
}
@article{A2021,
  title={A Varying-Parameter Recurrent Neural Network Combined with Penalty Function for Solving Constrained Multi-Criteria Optimization Scheme for Redundant Robot Manipulators},
  author={ Zhong, N.  and  Huang, Q.  and  Yang, S.  and  Ouyang, F.  and  Zhang, Z. },
  journal={IEEE Access},
  volume={PP},
  number={99},
  pages={1-1},
  year={2021},
}

