@article{2001Applying,
  title={Applying LSTM to Time Series Predictable through Time-Window Approaches},
  author={ Gers, F. A.  and  Eck, D.  and  Schmidhuber, J. },
  journal={Springer, Berlin, Heidelberg},
  year={2001},
}


