%% 参考文献数据库
@article{Intelligent_network_car2019,
  author={xxx},
  title={xxx},
  journal={xxx},
  year={2019},
  volume={},
  number={1},
  pages={184-187},
}
