@article{LiuBo2007,
  title={差分进化算法研究进展},
  author={刘波 and 王凌 and 金以慧},
  journal={控制与决策},
  volume={22},
  number={7},
  pages={9},
  year={2007},
}
@article{MengHongyun2008,
  title={用于约束多目标优化问题的双群体差分进化算法},
  author={孟红云 and 张小华 and 刘三阳},
  journal={计算机学报},
  volume={31},
  number={2},
  pages={8},
  year={2008},
}
@article{2016Neural,
  title={Neural Speech Recognizer: Acoustic-to-Word LSTM Model for Large Vocabulary Speech Recognition},
  author={ Soltau, H.  and  Liao, H.  and  Sak, Haim },
  year={2016},
}
@article{2005Unsupervised,
  title={Unsupervised training of acoustic models for large vocabulary continuous speech recognition},
  author={ Wessel, F.  and  Ney, H. },
  journal={IEEE Transactions on Speech & Audio Processing},
  volume={13},
  number={1},
  pages={23-31},
  year={2005},
}
